<record><leader>00000cas a2200000 a 4500</leader><controlfield tag="001">10037753</controlfield><controlfield tag="008">831020d18851893ohudn ne      0    0eng c</controlfield><datafield ind1=" " ind2=" " tag="010"><subfield code="a">sn 83035552 </subfield></datafield><datafield ind1=" " ind2=" " tag="040"><subfield code="a">NPY</subfield><subfield code="b">eng</subfield><subfield code="c">NPY</subfield><subfield code="d">NPW</subfield><subfield code="d">NPY</subfield><subfield code="d">DLC</subfield><subfield code="d">ONP</subfield><subfield code="d">KNP</subfield><subfield code="d">ONP</subfield><subfield code="d">DLC</subfield><subfield code="d">OCLCQ</subfield><subfield code="d">OCLCF</subfield><subfield code="d">OCLCO</subfield><subfield code="d">CRL</subfield></datafield><datafield ind1=" " ind2=" " tag="042"><subfield code="a">pcc</subfield></datafield><datafield ind1=" " ind2=" " tag="043"><subfield code="a">n-us-oh</subfield></datafield><datafield ind1="0" ind2="0" tag="050"><subfield code="a">Newspaper 9275</subfield></datafield><datafield ind1="0" ind2=" " tag="130"><subfield code="a">Evening plain dealer (Cleveland, Ohio : 1885)</subfield></datafield><datafield ind1="1" ind2="0" tag="245"><subfield code="a">Evening plain dealer.</subfield></datafield><datafield ind1="1" ind2="7" tag="246"><subfield code="a">Cleveland plain dealer</subfield></datafield><datafield ind1=" " ind2=" " tag="260"><subfield code="a">Cleveland, Ohio :</subfield><subfield code="b">Plain Dealer Pub. Co.,</subfield><subfield code="c">1885-1893.</subfield></datafield><datafield ind1=" " ind2=" " tag="300"><subfield code="a">v.</subfield></datafield><datafield ind1=" " ind2=" " tag="310"><subfield code="a">Daily (except Sunday)</subfield></datafield><datafield ind1="0" ind2=" " tag="362"><subfield code="a">Vol. 42, no. 66 (Mar. 18, 1885)-v. 51, (Sept. 30, 1893).</subfield></datafield><datafield ind1=" " ind2=" " tag="500"><subfield code="a">Democratic.</subfield></datafield><datafield ind1=" " ind2=" " tag="580"><subfield code="a">Daily morning ed.: Cleveland plain dealer (Cleveland, Ohio : 1885).</subfield></datafield><datafield ind1=" " ind2=" " tag="580"><subfield code="a">Weekly ed.: Weekly plain dealer (Cleveland, Ohio).</subfield></datafield><datafield ind1=" " ind2="0" tag="651"><subfield code="a">Cleveland (Ohio)</subfield><subfield code="v">Newspapers.</subfield></datafield><datafield ind1=" " ind2="0" tag="651"><subfield code="a">Cuyahoga County (Ohio)</subfield><subfield code="v">Newspapers.</subfield></datafield><datafield ind1=" " ind2="7" tag="651"><subfield code="a">Ohio</subfield><subfield code="z">Cleveland.</subfield><subfield code="2">fast</subfield><subfield code="0">(OCoLC)fst01205966</subfield></datafield><datafield ind1=" " ind2="7" tag="651"><subfield code="a">Ohio</subfield><subfield code="z">Cuyahoga County.</subfield><subfield code="2">fast</subfield><subfield code="0">(OCoLC)fst01202752</subfield></datafield><datafield ind1=" " ind2="7" tag="655"><subfield code="a">Newspapers.</subfield><subfield code="2">fast</subfield><subfield code="0">(OCoLC)fst01423814</subfield></datafield><datafield ind1=" " ind2=" " tag="752"><subfield code="a">United States</subfield><subfield code="b">Ohio</subfield><subfield code="c">Cuyahoga</subfield><subfield code="d">Cleveland.</subfield></datafield><datafield ind1="1" ind2=" " tag="775"><subfield code="t">Cleveland plain dealer (Cleveland, Ohio : 1885)</subfield><subfield code="w">(DLC)sn 83045167</subfield><subfield code="w">(OCoLC)1554910</subfield></datafield><datafield ind1="1" ind2=" " tag="775"><subfield code="t">Weekly plain dealer (Cleveland, Ohio)</subfield><subfield code="w">(DLC)sn 83035335</subfield><subfield code="w">(OCoLC)9699607</subfield></datafield><datafield ind1="0" ind2="0" tag="780"><subfield code="t">Plain dealer (Cleveland, Ohio : 1883)</subfield><subfield code="w">(DLC)sn 83035551</subfield><subfield code="w">(OCoLC)10037696</subfield></datafield><datafield ind1="0" ind2="0" tag="785"><subfield code="t">Evening post (Cleveland, Ohio : 1893)</subfield><subfield code="w">(DLC)sn 83035553</subfield><subfield code="w">(OCoLC)10037833</subfield></datafield><datafield ind1="1" ind2=" " tag="029"><subfield code="a">AU@</subfield><subfield code="b">000020294864</subfield></datafield></record>